@inproceedings{grabner2013visual,
  title={Visual interestingness in image sequences},
  author={Grabner, Helmut and Nater, Fabian and Druey, Michel and Van Gool, Luc},
  booktitle={Proceedings of the 21st ACM international conference on Multimedia},
  pages={1017--1026},
  year={2013},
  organization={ACM}
}